@article{Rashidi-2009,
	Author = {P. Rashidi and D.J. Cook},
	Title = {The resident in the loop: Adapting the smart home to the user},
	Journal = {{IEEE Transactions on Systems, Man, and Cybernetics}},
	Volume = {39},
	Number = {5},
	Pages = {949-959},
	Year = {2009}
}
@article{Lara-2013,
	Author = {O. Lara and M. Labrador},
	Title = {A Survey on Human Activity Recognition using Wearable Sensors},
	Journal = {{IEEE Communications Surveys and Tutorials}},
	Volume = {15},
	Number = {3},
	Pages = {1192-1209},
	Year = {2013}
}
@article{Patel-2012,
	Author = {S. Patel and H. Park and P. Bonato and L. Chan and M. Rodgers},
	Title = {A review of wearable sensors and systems with application in rehabilitation},
	Journal = {{Journal of NeuroEngineering and Rehabilitation}},
	Volume = {9},
	Number = {21},
	Year = {2012}
}

@inproceedings{Avci-2010,
	Author = {A. Avci and S. Bosch and M. Marin-Perianu and R. Marin-Perianu and P. Havinga},
	Title = {{Activity Recognition Using Inertial Sensing for Healthcare, Wellbeing and Sports Applications: A Survey}},
	Booktitle = {{23rd International Conference on Architecture of Computing Systems}},
	Address = {{Hannover, Germany}},
	Month = feb,
	Year = {2010}
}

@inproceedings{Zargham-2011,
	Author = {M. Zargham and A. Ribeiro and A. Ozdaglar and A. Jadbabaie},
	Title = {{Accelerated dual descent for network optimization}},
	Booktitle = {{American Control Conference}},
	Address = {{San Francisco, CA, US}},
	Month = jun,
	Year = {2011}
	}

@inproceedings{Sadler-2006,
	Author = {Christopher M. Sadler and Margaret Martonosi},
	Title = {{Data compression algorithms for energy-constrained devices in delay tolerant networks}},
	Address = {{Boulder, CO, US}},
	Booktitle = {{ACM SenSys}},
	Month = oct,
	Year = {2006}
	}
	
@article{Shannon-1948,
	Author = {C. E. Shannon},
	Title = {A mathematical theory of communication},
	Journal = {{The Bell System Technical Journal}},
	Volume = {27},
	Number = {3},
	Month = jul,
	Pages = {379-423},
	Year = {1948}
	}
	
@article{Boyd-2011,
	Author = {Stephen Boyd and Neal Parikh and Eric Chu and Borja Peleatoï¿½and Jonathan Eckstein},
	Title = {{Distributed Optimization and Statistical Learning via the Alternating Direction Method of Multipliers}},
	Journal = {{Foundations and Trends in Machine Learning}},
	Volume = {3},
	Number = {1},
	Month = jan,
	Pages = {1--122},
	Year = {2011}
	}

@article{Zordan-2014,
	Author = {Zordan, Davide and Martinez, Borja and Vilajosana, Ignasi and Rossi, Michele},
	Title = {{On the Performance of Lossy Compression Schemes for Energy Constrained Sensor Networking}},
	Journal = {{ACM Transactions on Sensor Networks}},
	Volume = {11},
	Number = {1},
	Pages = {15:1--15:34},
	Month = aug,
	Year = {2014}
	}
